@book{math_history_2017,
  author    = {蔡天新},
  title     = {数学简史},
  year      = {2017},
  publisher = {中信出版集团股份有限公司},
  address   = {北京}
}

@book{math_art_2021,
  author    = {蔡天新},
  title     = {数学与艺术},
  year      = {2021},
  publisher = {江苏人民出版社, 江苏凤凰美术出版社},
  address   = {南京}
}

@book{how_music_is_made_2021,
  author    = {[以色列] 阿里·马奥尔},
  title     = {音乐是怎样算成的},
  year      = {2021},
  publisher = {北京联合出版公司},
  address   = {北京},
  note      = {张岭 译}
}

@book{forte_structure_2007,
  author    = {[美] 艾伦·福特},
  title     = {无调性音乐的结构},
  year      = {2007},
  publisher = {中央音乐学院出版社},
  address   = {北京},
  note      = {罗忠镕 译}
}